% This file was created with Citavi 6.19.0.0


@online{thu,
 year = {2024-10-15},
 title = {Technische Hochschule Ulm},
 url = {https://www.thu.de/de/Seiten/Homepage.aspx},
 urldate = {2024-10-15},
 abstract = {}
}

